@article{shen2020interfacegan,
  title={Interfacegan: Interpreting the disentangled face representation learned by gans},
  author={Shen, Yujun and Yang, Ceyuan and Tang, Xiaoou and Zhou, Bolei},
  journal={IEEE transactions on pattern analysis and machine intelligence},
  year={2020},
  publisher={IEEE}
}